@video{HaoLeTuanGoodBand2022,
  entrysubtype = {video},
  title = {好樂團 {{GoodBand}} — 他們說我是沒有用的年輕人 {{Official Music Video}}},
  editor = {{好樂團 GoodBand}},
  editortype = {director},
  date = {2022-03-18},
  url = {https://www.youtube.com/watch?v=LH8n44-ocLk},
  urldate = {2023-10-01},
  abstract = {寄託在別人身上的希望落空了。 計算著能為自己想捍衛的事情失去多少時， 卻發現苦無籌碼。 雖說有點用處，但稱不上是能為自己發聲的人。 只能自得其樂，做點療癒的事情。 他們說我是沒有用的年輕人， 因為我沒有成為你們想要的樣子。 我知道我是沒有用的年輕人， 因為我沒有成為自己渴望的樣子。 － 出品 Presented by 好好的一個工作室 Good Work Studio 拍攝贊助 Film Sponsor 貝殼放大股份有限公司 Backer-Founder 天使放大股份有限公司 Angelic-Founder 挖貝集資平台 WaBay 主演 Starring 宋柏緯 Edison Song 王渝萱Wang Yu-Xuan 鄭有傑 Cheng Yu-Chieh 特別演出 Special Appearance 神秘女子替身：林苡棠 Lin I-Tang 演出 Cast 宗繁同事：陳治廷 Chen Chin-Ting 宗繁主管：蕭允昊 Hsiao Yun-Hao 女法官／病患：張育玲 Chang Yu-Ling 男醫生：吵架議員：廖鋋富 Liao Ting-Fu 男扮女裝男子／吃土男：杜興益 Tu Hing-l 肥胖男子／吵架議員：陳旻新 Chen Min-Hsin 年輕潮男／裸上身男：曾怡誠 Tseng ICheng 年輕潮女／醫護人員：翁辰瑄 Weng Chen-Hsuan Production 純 Purist 導演 Director：邱晧 Alive Chiu 製片 Producer：趙宏宸 Hung-Chen Chao 執行製片 Line Producer：游士弘 You Shin-Hong 演員管理 Casting：游士弘 You Shih-Hong 製片助理 Production Assistant：詹淇姍 Zhan 73、林韋廷 Tim Lin 攝影師  D.P.：唐健哲 Chien-Che Tang 攝大助 1st Assistant Cameraman：簡志宇 Chien Chih-Yu 攝影助理 2st Camera Assistants：陳冠文 Chen Guan-Wun Music Video 燈光師 Gaffer：彭嘉慶 Emile Peng 燈光助理 Best boy：萬又銘 Wan You-Ming、董奕賢 Tung I-Hsien 燈光實習生 Lighting Crew：張嘉恩 Warner Chang 美術 Art Director：郭晟禎 Cheng-Chen Kuo 美術助理 Assistant Art Director：廖幸涓 Juan Liao、鄭淳方 Chun-Fang Cheng、李由 Ashley Lee 樂團造型 Band Stylist：楊景雯 Chin Yang 樂團妝髮 Band Make-up：洪振揚  Âng Tsín-iông 短片 燈光師 Gaffer：鄭翔鴻 Cheng Hsiang-Hung 燈光大助 Best boy：蕭宇辰 xiao Yu-Chen 燈光助理 Best boy：陳怡函 Chen-Yi-Han 美術 Art Director：林巧筑 Emma Lin 美術助理 Assistant Art Director：俞采青 Satsuki Yu、吳泓璋 Simon Wu、曾向鎮 Benjamin Tsang、楊蕎瑜 Cindy Yang 收音師 Sound：林欣茹 Lin Hsin-Ru 演員造型 Actor Stylist：李圓嘉 Li Yuan-Jia 演員造型助理 Actor Styling Assistant：許雅晴 Hsu Yo-Ching 九巴 Driver l 文仁 Bibo 聲音後期 Sound Post-Production：林欣菇 Lin Hsin-Ru 配樂 Music：林易祺 LNiCH、卞宗仁 John Pien  字體設計 Typography：郭欣翔 Hsin Hsiang Kuo 聲音後期 Sound Post-Production：林欣茹 Lin Hsin-Ru 音樂製作 詞／曲 Lyricist \& Composer：張子慶 Ching 演唱 Vocalist：許瓊文 Wen Hsu、張子慶 Ching 製作人 Producer：林易祺 LNiCH@VH 編曲 Music Arranger：林易祺 LNiCH@VH、張瀚中 Han Chung Chang 木吉他編曲 Acoustic Guitar Arranger：張子慶 Ching 和聲編寫 Background Vocals Arranger：許瓊文 Wen Hsu 和聲 Background Vocals：許瓊文 Wen Hsu 電吉他 Elecrtic Guitar：林易祺 LNiCH 電貝斯 Electric Bass：柯遵毓 Jack Ko 爵士鼓 Drums：曾景崧 Relaxx Tseng 手風琴／鋼琴／合成器 Accordion / Piano / Synth：張瀚中 Han Chung Chang 錄音師 Recording Engineers：林易祺 LNiCH@VH、陳以霖 丫iLin Chen、林子彧 Tzu Yu Lin 錄音室 Recording Studios：大小眼錄音室 Twin Eyes Studio、給樂工作室 Gather Music Studio 混音師 Mixing Engineer：李詠恩 Joshua Lee 母帶後期處理製作人 Mastering Producer：李詠恩 Joshua Lee 母帶後期處理工程師 Mastering Engineer：怕豹 Pa Bow 母帶後期處理錄音室 Mastering Studio：荒原錄音室 Wasteland Studio 行銷宣傳 執行製作 Executive Producer：朱庭誼 Libby Zhu 宣傳統籌 Promotion Supervisor：朱庭誼 Libby Zhu 專案統籌 Project Manager：徐明楓 Sam Hsu、高妍荷Berry Kao 協力行銷 Marketing Support：貝殼放大股份有限公司 Backer-Founder 動態側拍 Making Off：柯雅琦 Ya Chike、陳瑄竺 Chu Chen 劇照師 Still Photographer：羅晴 Mason Lo、賴炫佑 Shaun You Lai 感謝名單 林大涵 Tahan Lin 萊爾富國際股份有限公司 Hi-Life International Co., Ltd 灰棚 Huipeng Studio 蒸氣影像 Steam lron Deer 柳松影像 WilowPine Lighting Studio 仙人掌影業 Cactus Studio 光之島影像工作室 GafferLand Studio 靠北影像工作室 Kao Bei Film Studio IRENSENSE 胡乃婷 Hu Nai-Ting 林可喬 Lin ke-Chiao 陳臻 Avelyn Chen 海韻 Haihai 吳禎良 Harry Wu 波波畝Cafe BoPoMoo Cafe － 好樂團 三溫暖系樂團，坐姿體前彎平均8公分の兩人組合。 好樂團相關連結： Email (演出/合作邀約歡迎來信) goodband2015@gmail.com Facebook https://www.facebook.com/verygoodband/ Instagram https://www.instagram.com/goodband2015/ StreetVoice  https://tw.streetvoice.com/goodband/ Twitter (JP) https://twitter.com/goodbandtw2015 HP (JP) https://goodband.bitfan.id/},
  langid = {english}
}

@book{Hirschman2004a,
  title = {Exit, Voice, and Loyalty: Responses to Decline in Firms, Organizations, and States},
  shorttitle = {Exit, Voice, and Loyalty},
  author = {Hirschman, Albert O.},
  date = {2004},
  publisher = {{Harvard University Press}},
  location = {{Cambridge, Mass}},
  isbn = {978-0-674-27660-4},
  langid = {english},
  pagetotal = {162},
  keywords = {Dissenters,Loyalty,Organizational sociology}
}

@online{MeiGui2023,
  title = {玫瑰：城市的大街不应该只是你玩命赶路的地方，大街就是乐子本身},
  author = {玫瑰},
  date = {2023},
  url = {https://podcasts.apple.com/ua/podcast/%E4%B8%80%E5%B8%AD/id676106704?l=uk},
  urldate = {2023-10-01},
  abstract = {‎Суспільство й культура · 2023},
  langid = {ukrainian},
  organization = {{Подкасти Apple}},
  file = {/Users/Adrian/Zotero/storage/2P8KVHB8/id676106704.html}
}

@book{Pirsig1974,
  title = {Zen and the Art of Motorcycle Maintenance: An Inquiry into Values},
  shorttitle = {Zen and the Art of Motorcycle Maintenance},
  author = {Pirsig, Robert M.},
  date = {1974},
  publisher = {{Morrow}},
  location = {{New York}},
  isbn = {978-0-688-00230-5},
  langid = {english},
  pagetotal = {412},
  keywords = {Fathers and sons,{Pirsig, Robert M},Self,United States}
}
